@article{pluim2003mutual,
  title={Mutual-information-based registration of medical images: a survey},
  author={Pluim, Josien PW and Maintz, JB Antoine and Viergever, Max and others},
  journal={Medical Imaging, IEEE Transactions on},
  volume={22},
  number={8},
  pages={986--1004},
  year={2003},
  publisher={IEEE}
}

@article{klein2010elastix,
  title={Elastix: a toolbox for intensity-based medical image registration},
  author={Klein, Stefan and Staring, Marius and Murphy, Keelin and Viergever, Max and Pluim, Josien PW and others},
  journal={Medical Imaging, IEEE Transactions on},
  volume={29},
  number={1},
  pages={196--205},
  year={2010},
  publisher={IEEE}
}

@article{brown1992survey,
  title={A survey of image registration techniques},
  author={Brown, Lisa Gottesfeld},
  journal={ACM computing surveys (CSUR)},
  volume={24},
  number={4},
  pages={325--376},
  year={1992},
  publisher={ACM}
}

@article{zitova2003image,
  title={Image registration methods: a survey},
  author={Zitova, Barbara and Flusser, Jan},
  journal={Image and vision computing},
  volume={21},
  number={11},
  pages={977--1000},
  year={2003},
  publisher={Elsevier}
}

@article{maintz1998survey,
  title={A survey of medical image registration},
  author={Maintz, JB Antoine and Viergever, Max A},
  journal={Medical image analysis},
  volume={2},
  number={1},
  pages={1--36},
  year={1998},
  publisher={Elsevier}
}

@article{li20153d,
  title={3D nonrigid medical image registration using a new information theoretic measure},
  author={Li, Bicao and Yang, Guanyu and Coatrieux, Jean Louis and Li, Baosheng and Shu, Huazhong},
  journal={Physics in medicine and biology},
  volume={60},
  number={22},
  pages={8767},
  year={2015},
  publisher={IOP Publishing}
}

@article{khader2012information,
  title={An information-theoretic method for multimodality medical image registration},
  author={Khader, Mohammed and Hamza, A Ben},
  journal={Expert Systems with Applications},
  volume={39},
  number={5},
  pages={5548--5556},
  year={2012},
  publisher={Elsevier}
}

@article{studholme1999overlap,
  title={An overlap invariant entropy measure of 3D medical image alignment},
  author={Studholme, Colin and Hill, Derek LG and Hawkes, David J},
  journal={Pattern recognition},
  volume={32},
  number={1},
  pages={71--86},
  year={1999},
  publisher={Elsevier}
}

@article{pluim2004f,
  title={F-information measures in medical image registration},
  author={Pluim, Josien PW and Maintz, JB Antoine and Viergever, Max and others},
  journal={Medical Imaging, IEEE Transactions on},
  volume={23},
  number={12},
  pages={1508--1516},
  year={2004},
  publisher={IEEE}
}

@online{rireprotocol,
  author = {Kitware},
  title = {Protocol for Communicating Registration Transformations},
  url = {http://www.insight-journal.org/rire/transform_format.php},
  urldate = {2015-12-12}
}

@online{parzenhistogram,
  author = {Drleft},
  title = {Comparison of a histogram and a kernel density estimate.},
  url = {https://en.wikipedia.org/wiki/File:Comparison_of_1D_histogram_and_KDE.png},
  urldate = {2015-12-20}
}

@article{jiao2015minimax,
  title={Minimax estimation of functionals of discrete distributions},
  author={Jiao, Jiantao and Venkat, Kartik and Han, Yanjun and Weissman, Tsachy},
  journal={Information Theory, IEEE Transactions on},
  volume={61},
  number={5},
  pages={2835--2885},
  year={2015},
  publisher={IEEE}
}
