@article{brown1992survey,
  title={A survey of image registration techniques},
  author={Brown, Lisa Gottesfeld},
  journal={ACM computing surveys (CSUR)},
  volume={24},
  number={4},
  pages={325--376},
  year={1992},
  publisher={ACM}
}

@article{jiao2015minimax,
  title={Minimax estimation of functionals of discrete distributions},
  author={Jiao, Jiantao and Venkat, Kartik and Han, Yanjun and Weissman, Tsachy},
  journal={Information Theory, IEEE Transactions on},
  volume={61},
  number={5},
  pages={2835--2885},
  year={2015},
  publisher={IEEE}
}

@article{pluim2003mutual,
  title={Mutual-information-based registration of medical images: a survey},
  author={Pluim, Josien PW and Maintz, JB Antoine and Viergever, Max and others},
  journal={Medical Imaging, IEEE Transactions on},
  volume={22},
  number={8},
  pages={986--1004},
  year={2003},
  publisher={IEEE}
}

@article{zitova2003image,
  title={Image registration methods: a survey},
  author={Zitova, Barbara and Flusser, Jan},
  journal={Image and vision computing},
  volume={21},
  number={11},
  pages={977--1000},
  year={2003},
  publisher={Elsevier}
}

@article{maintz1998survey,
  title={A survey of medical image registration},
  author={Maintz, JB Antoine and Viergever, Max A},
  journal={Medical image analysis},
  volume={2},
  number={1},
  pages={1--36},
  year={1998},
  publisher={Elsevier}
}

@article{hill2001medical,
  title={Medical image registration},
  author={Hill, Derek LG and Batchelor, Philipp G and Holden, Mark and Hawkes, David J},
  journal={Physics in medicine and biology},
  volume={46},
  number={3},
  pages={R1},
  year={2001},
  publisher={IOP Publishing}
}

@article{west1997comparison,
  title={Comparison and evaluation of retrospective intermodality brain image registration techniques},
  author={West, Jay and Fitzpatrick, J Michael and Wang, Matthew Y and Dawant, Benoit M and Maurer Jr, Calvin R and Kessler, Robert M and Maciunas, Robert J and Barillot, Christian and Lemoine, Didier and Collignon, Andre and others},
  journal={Journal of computer assisted tomography},
  volume={21},
  number={4},
  pages={554--568},
  year={1997},
  publisher={LWW}
}

@article{van1993medical,
  title={Medical image matching-a review with classification},
  author={Van den Elsen, Petra and Pol, Evert-Jan D and Viergever, Max and others},
  journal={Engineering in Medicine and Biology Magazine, IEEE},
  volume={12},
  number={1},
  pages={26--39},
  year={1993},
  publisher={IEEE}
}

@article{lester1999survey,
  title={A survey of hierarchical non-linear medical image registration},
  author={Lester, Hava and Arridge, Simon R},
  journal={Pattern recognition},
  volume={32},
  number={1},
  pages={129--149},
  year={1999},
  publisher={Elsevier}
}

@article{audette2000algorithmic,
  title={An algorithmic overview of surface registration techniques for medical imaging},
  author={Audette, Michel A and Ferrie, Frank P and Peters, Terry M},
  journal={Medical image analysis},
  volume={4},
  number={3},
  pages={201--217},
  year={2000},
  publisher={Elsevier}
}

@article{sotiras2013deformable,
  title={Deformable medical image registration: A survey},
  author={Sotiras, Aristeidis and Davatzikos, Christos and Paragios, Nikos},
  journal={Medical Imaging, IEEE Transactions on},
  volume={32},
  number={7},
  pages={1153--1190},
  year={2013},
  publisher={IEEE}
}

@article{oliveira2014medical,
  title={Medical image registration: a review},
  author={Oliveira, Francisco PM and Tavares, Jo{\~a}o Manuel RS},
  journal={Computer methods in biomechanics and biomedical engineering},
  volume={17},
  number={2},
  pages={73--93},
  year={2014},
  publisher={Taylor \& Francis}
}

@article{klein2007evaluation,
  title={Evaluation of optimization methods for nonrigid medical image registration using mutual information and B-splines},
  author={Klein, Stefan and Staring, Marius and Pluim, Josien PW},
  journal={Image Processing, IEEE Transactions on},
  volume={16},
  number={12},
  pages={2879--2890},
  year={2007},
  publisher={IEEE}
}

@article{mani2013survey,
  title={Survey of medical image registration},
  author={Mani, VRS and others},
  journal={Journal of Biomedical Engineering and Technology},
  volume={1},
  number={2},
  pages={8--25},
  year={2013},
  publisher={Science and Education Publishing}
}

@article{bauer2013survey,
  title={A survey of MRI-based medical image analysis for brain tumor studies},
  author={Bauer, Stefan and Wiest, Roland and Nolte, Lutz-P and Reyes, Mauricio},
  journal={Physics in medicine and biology},
  volume={58},
  number={13},
  pages={R97},
  year={2013},
  publisher={IOP Publishing}
}

@inproceedings{zhong2015morphological,
  title={Morphological Analysis of Tumor Regression and Its Impact on Deformable Image Registration for Adaptive Radiotherapy of Lung Cancer Patients},
  author={Zhong, H and Kim, J and Gordon, JJ and Brown, SL and Movsas, B and Chetty, IJ},
  booktitle={World Congress on Medical Physics and Biomedical Engineering, June 7-12, 2015, Toronto, Canada},
  pages={579--582},
  year={2015},
  organization={Springer}
}

@article{li2015patient,
  title={Patient-specific biomechanical model as whole-body CT image registration tool},
  author={Li, Mao and Miller, Karol and Joldes, Grand Roman and Doyle, Barry and Garlapati, Revanth Reddy and Kikinis, Ron and Wittek, Adam},
  journal={Medical image analysis},
  volume={22},
  number={1},
  pages={22--34},
  year={2015},
  publisher={Elsevier}
}

@article{gigengack2012motion,
  title={Motion correction in dual gated cardiac PET using mass-preserving image registration},
  author={Gigengack, Fabian and Ruthotto, Lars and Burger, Martin and Wolters, Carsten H and Jiang, Xiaoyi and Sch{\"a}fers, Klaus P},
  journal={Medical Imaging, IEEE Transactions on},
  volume={31},
  number={3},
  pages={698--712},
  year={2012},
  publisher={IEEE}
}

@article{berendsen2013free,
  title={Free-form image registration regularized by a statistical shape model: application to organ segmentation in cervical MR},
  author={Berendsen, Floris F and Van Der Heide, Uulke A and Langerak, Thomas R and Kotte, Alexis NTJ and Pluim, Josien PW},
  journal={Computer Vision and Image Understanding},
  volume={117},
  number={9},
  pages={1119--1127},
  year={2013},
  publisher={Elsevier}
}

@incollection{zheng2013generative,
  title={A generative model for oct retinal layer segmentation by integrating graph-based multi-surface searching and image registration},
  author={Zheng, Yuanjie and Xiao, Rui and Wang, Yan and Gee, James C},
  booktitle={Medical Image Computing and Computer-Assisted Intervention--MICCAI 2013},
  pages={428--435},
  year={2013},
  publisher={Springer}
}

@incollection{kurugol2015motion,
  title={Motion Compensated Abdominal Diffusion Weighted MRI by Simultaneous Image Registration and Model Estimation (SIR-ME)},
  author={Kurugol, Sila and Freiman, Moti and Afacan, Onur and Domachevsky, Liran and Perez-Rossello, Jeannette M and Callahan, Michael J and Warfield, Simon K},
  booktitle={Medical Image Computing and Computer-Assisted Interventionâ€”MICCAI 2015},
  pages={501--509},
  year={2015},
  publisher={Springer}
}

@article{varadhan2013framework,
  title={A framework for deformable image registration validation in radiotherapy clinical applications},
  author={Varadhan, Raj and Karangelis, Grigorios and Krishnan, Karthik and Hui, Susanta},
  journal={Journal of applied clinical medical physics/American College of Medical Physics},
  volume={14},
  number={1},
  pages={4066},
  year={2013},
  publisher={NIH Public Access}
}

@incollection{ong2015robust,
  title={A Robust Outlier Elimination Approach for Multimodal Retina Image Registration},
  author={Ong, Ee Ping and Lee, Jimmy Addison and Cheng, Jun and Xu, Guozhen and Lee, Beng Hai and Laude, Augustinus and Teoh, Stephen and Lim, Tock Han and Wong, Damon WK and Liu, Jiang},
  booktitle={Medical Image Computing and Computer-Assisted Intervention--MICCAI 2015},
  pages={329--337},
  year={2015},
  publisher={Springer}
}

@article{vaida2012approach,
  title={An Approach To Nonrigid US-MRI Registration Of Pelvic Organs For Endometriosis Diagnosis},
  author={VAIDA, Marius-Cristian URECHE Mircea-Florin and VOINA, Stefan DRAGOS Loreta SUTA Alin},
  year={2012}
}

@inproceedings{yamamura2014image,
  title={An image registration method for head CTA and MRA images using mutual inforamtion on volumes of interest},
  author={Yamamura, Yutaro and Kim, Hyoungseop and Tan, Joo Kooi and Ishikawa, Seiji and Yamamoto, Akiyoshi},
  booktitle={Soft Computing and Intelligent Systems (SCIS), 2014 Joint 7th International Conference on and Advanced Intelligent Systems (ISIS), 15th International Symposium on},
  pages={1490--1493},
  year={2014},
  organization={IEEE}
}

@article{hopp2013automatic,
  title={Automatic multimodal 2D/3D breast image registration using biomechanical FEM models and intensity-based optimization},
  author={Hopp, Torsten and Dietzel, Matthias and Baltzer, Pascal A and Kreisel, P and Kaiser, Werner A and Gemmeke, Hartmut and Ruiter, Nicole V},
  journal={Medical image analysis},
  volume={17},
  number={2},
  pages={209--218},
  year={2013},
  publisher={Elsevier}
}

@article{song2015locally,
  title={Locally rigid, vessel-based registration for laparoscopic liver surgery},
  author={Song, Yi and Totz, Johannes and Thompson, Steve and Johnsen, Stian and Barratt, Dean and Schneider, Crispin and Gurusamy, Kurinchi and Davidson, Brian and Ourselin, S{\'e}bastien and Hawkes, David and others},
  journal={International journal of computer assisted radiology and surgery},
  volume={10},
  number={12},
  pages={1951--1961},
  year={2015},
  publisher={Springer}
}

@article{van2013automated,
  title={Automated registration of multispectral MR vessel wall images of the carotid artery},
  author={van't Klooster, Ronald and Staring, Marius and Klein, Stefan and Kwee, Robert M and Kooi, M Eline and Reiber, Johan HC and Lelieveldt, Boudewijn PF and van der Geest, Rob J},
  journal={Medical physics},
  volume={40},
  number={12},
  pages={121904},
  year={2013},
  publisher={American Association of Physicists in Medicine}
}

@article{hu2012mr,
  title={MR to ultrasound registration for image-guided prostate interventions},
  author={Hu, Yipeng and Ahmed, Hashim Uddin and Taylor, Zeike and Allen, Clare and Emberton, Mark and Hawkes, David and Barratt, Dean},
  journal={Medical image analysis},
  volume={16},
  number={3},
  pages={687--703},
  year={2012},
  publisher={Elsevier}
}

@article{studholme1999overlap,
  title={An overlap invariant entropy measure of 3D medical image alignment},
  author={Studholme, Colin and Hill, Derek LG and Hawkes, David J},
  journal={Pattern recognition},
  volume={32},
  number={1},
  pages={71--86},
  year={1999},
  publisher={Elsevier}
}

@article{li20153d,
  title={3D nonrigid medical image registration using a new information theoretic measure},
  author={Li, Bicao and Yang, Guanyu and Coatrieux, Jean Louis and Li, Baosheng and Shu, Huazhong},
  journal={Physics in medicine and biology},
  volume={60},
  number={22},
  pages={8767},
  year={2015},
  publisher={IOP Publishing}
}

@inproceedings{wang2013novel,
  title={A novel mutual information-based similarity measure for 2D/3D registration in image guided intervention},
  author={Wang, Lei and Gao, Xin and Fang, Qiang},
  booktitle={Orange Technologies (ICOT), 2013 International Conference on},
  pages={135--138},
  year={2013},
  organization={IEEE}
}

@article{vaida2012approach,
  title={An Approach To Nonrigid US-MRI Registration Of Pelvic Organs For Endometriosis Diagnosis},
  author={VAIDA, Marius-Cristian URECHE Mircea-Florin and VOINA, Stefan DRAGOS Loreta SUTA Alin},
  year={2012}
}

@article{spanakis2014extended,
  title={An extended method for robust image registration},
  author={Spanakis, Constantinus and Marias, K and Mathioudakis, Emmanuel N and Kampanis, Nikolaos A},
  year={2014},
  publisher={AMCL/TUC}
}

@inproceedings{yamamura2014image,
  title={An image registration method for head CTA and MRA images using mutual inforamtion on volumes of interest},
  author={Yamamura, Yutaro and Kim, Hyoungseop and Tan, Joo Kooi and Ishikawa, Seiji and Yamamoto, Akiyoshi},
  booktitle={Soft Computing and Intelligent Systems (SCIS), 2014 Joint 7th International Conference on and Advanced Intelligent Systems (ISIS), 15th International Symposium on},
  pages={1490--1493},
  year={2014},
  organization={IEEE}
}

@article{khader2012information,
  title={An information-theoretic method for multimodality medical image registration},
  author={Khader, Mohammed and Hamza, A Ben},
  journal={Expert Systems with Applications},
  volume={39},
  number={5},
  pages={5548--5556},
  year={2012},
  publisher={Elsevier}
}

@article{fedorov2012image,
  title={Image registration for targeted MRI-guided transperineal prostate biopsy},
  author={Fedorov, Andriy and Tuncali, Kemal and Fennessy, Fiona M and Tokuda, Junichi and Hata, Nobuhiko and Wells, William M and Kikinis, Ron and Tempany, Clare M},
  journal={Journal of Magnetic Resonance Imaging},
  volume={36},
  number={4},
  pages={987--992},
  year={2012},
  publisher={Wiley Online Library}
}

@article{bron2013image,
  title={Image registration improves human knee cartilage T1 mapping with delayed gadolinium-enhanced MRI of cartilage (dGEMRIC)},
  author={Bron, Esther E and van Tiel, Jasper and Smit, Henk and Poot, Dirk HJ and Niessen, Wiro J and Krestin, Gabriel P and Weinans, Harrie and Oei, Edwin HG and Kotek, Gyula and Klein, Stefan},
  journal={European radiology},
  volume={23},
  number={1},
  pages={246--252},
  year={2013},
  publisher={Springer}
}

@article{pan2012medical,
  title={Medical image registration using fuzzy theory},
  author={Pan, Meisen and Tang, Jingtian and Xiong, Qi},
  journal={Computer methods in biomechanics and biomedical engineering},
  volume={15},
  number={7},
  pages={721--734},
  year={2012},
  publisher={Taylor \& Francis}
}

@article{yang2015non,
  title={Non-rigid multi-modal medical image registration by combining L-BFGS-B with cat swarm optimization},
  author={Yang, Feng and Ding, Mingyue and Zhang, Xuming and Hou, Wenguang and Zhong, Cheng},
  journal={Information Sciences},
  volume={316},
  pages={440--456},
  year={2015},
  publisher={Elsevier}
}

@article{wang2013study,
  title={Study of mutual information multimodality medical image registration based on modified simplex optimization method},
  author={Wang, Yu and Zhang, Zhijie and Wang, Mingquan},
  journal={Optik-International Journal for Light and Electron Optics},
  volume={124},
  number={21},
  pages={4754--4757},
  year={2013},
  publisher={Elsevier}
}

@inproceedings{etemadi2014efficient,
  title={An efficient 3D gradient-based algorithm for medical image registration using correlation-coefficient maximization},
  author={Etemadi, S and Saadatmand-Tarzjan, M and Shamirzaei, M and Khosravi, J},
  booktitle={Computer and Knowledge Engineering (ICCKE), 2014 4th International eConference on},
  pages={663--668},
  year={2014},
  organization={IEEE}
}

@article{luce2014medical,
  title={Medical Image Registration Using the Fourier Transform},
  author={Luce, Jason and Gray, James and Hoggarth, Mark A and Lin, Jeffery and Loo, Elizabeth and Campana, Maria I and Roeske, John C},
  journal={International Journal of Medical Physics, Clinical Engineering and Radiation Oncology},
  volume={2014},
  year={2014},
  publisher={Scientific Research Publishing}
}

@article{lu2012non,
  title={A non-rigid medical image registration method based on improved linear elastic model},
  author={Lu, Xiaoqi and Ma, Hongli and Zhang, Boahua},
  journal={Optik-International Journal for Light and Electron Optics},
  volume={123},
  number={20},
  pages={1867--1873},
  year={2012},
  publisher={Elsevier}
}

@article{economopoulos2014automatic,
  title={Automatic correspondence using the enhanced hexagonal centre-based inner search algorithm for point-based dental image registration},
  author={Economopoulos, T and Matsopoulos, GK and Asvestas, PA and Gr{\"o}ndahl, K and Gr{\"o}ndahl, HG},
  journal={Dentomaxillofacial Radiology},
  year={2014},
  publisher={British Institute of Radiology}
}

@article{zhang2014compounding,
  title={Compounding Local Invariant Features and Global Deformable Geometry for Medical Image Registration},
  author={Zhang, Jianhua and Chen, Lei and Wang, Xiaoyan and Teng, Zhongzhao and Brown, Adam J and Gillard, Jonathan H and Guan, Qiu and Chen, Shengyong},
  year={2014}
}

@incollection{li2012evaluation,
  title={Evaluation of medical image registration by using 3D SIFT and phase-only correlation},
  author={Li, Zisheng and Kurihara, Tsuneya and Matsuzaki, Kazuki and Irie, Toshiyuki},
  booktitle={Abdominal Imaging. Computational and Clinical Applications},
  pages={255--264},
  year={2012},
  publisher={Springer}
}

@article{wu2015hierarchical,
  title={Hierarchical and symmetric infant image registration by robust longitudinal-example-guided correspondence detection},
  author={Wu, Yao and Wu, Guorong and Wang, Li and Munsell, Brent C and Wang, Qian and Lin, Weili and Feng, Qianjin and Chen, Wufan and Shen, Dinggang},
  journal={Medical physics},
  volume={42},
  number={7},
  pages={4174--4189},
  year={2015},
  publisher={American Association of Physicists in Medicine}
}

@inproceedings{kim2014hierarchical,
  title={Hierarchical nonrigid model for 3D medical image registration},
  author={Kim, Sunyeong and Tai, Yu-Wing},
  booktitle={Image Processing (ICIP), 2014 IEEE International Conference on},
  pages={3562--3566},
  year={2014},
  organization={IEEE}
}

@inproceedings{biswas2015medical,
  title={Medical image registration based on grid matching using Hausdorff Distance and Near set},
  author={Biswas, Biswajit and Dey, Kashi Nath and Chakrabarti, Amlan},
  booktitle={Advances in Pattern Recognition (ICAPR), 2015 Eighth International Conference on},
  pages={1--5},
  year={2015},
  organization={IEEE}
}

@inproceedings{sergeev2012medical,
  title={Medical image registration using machine learning-based interest point detector},
  author={Sergeev, Sergey and Zhao, Yang and Linguraru, Marius George and Okada, Kazunori},
  booktitle={SPIE Medical Imaging},
  pages={831424--831424},
  year={2012},
  organization={International Society for Optics and Photonics}
}

@article{heinrich2012mind,
  title={MIND: Modality independent neighbourhood descriptor for multi-modal deformable registration},
  author={Heinrich, Mattias P and Jenkinson, Mark and Bhushan, Manav and Matin, Tahreema and Gleeson, Fergus V and Brady, Michael and Schnabel, Julia A},
  journal={Medical Image Analysis},
  volume={16},
  number={7},
  pages={1423--1435},
  year={2012},
  publisher={Elsevier}
}
