@article{klein2010elastix,
  title={Elastix: a toolbox for intensity-based medical image registration},
  author={Klein, Stefan and Staring, Marius and Murphy, Keelin and Viergever, Max and Pluim, Josien PW and others},
  journal={Medical Imaging, IEEE Transactions on},
  volume={29},
  number={1},
  pages={196--205},
  year={2010},
  publisher={IEEE}
}

@article{pluim2004f,
  title={F-information measures in medical image registration},
  author={Pluim, Josien PW and Maintz, JB Antoine and Viergever, Max and others},
  journal={Medical Imaging, IEEE Transactions on},
  volume={23},
  number={12},
  pages={1508--1516},
  year={2004},
  publisher={IEEE}
}

@incollection{papenberg2007fast,
  title={A fast and flexible image registration toolbox},
  author={Papenberg, Nils and Schumacher, Hanno and Heldmann, Stefan and Wirtz, Stefan and Bommersheim, Silke and Ens, Konstantin and Modersitzki, Jan and Fischer, Bernd},
  booktitle={Bildverarbeitung f{\"u}r die Medizin 2007},
  pages={106--110},
  year={2007},
  publisher={Springer}
}

@article{myronenko2010intensity,
  title={Intensity-based image registration by minimizing residual complexity},
  author={Myronenko, Andriy and Song, Xubo},
  journal={Medical Imaging, IEEE Transactions on},
  volume={29},
  number={11},
  pages={1882--1891},
  year={2010},
  publisher={IEEE}
}

@inproceedings{myronenko2009image,
  title={Image registration by minimization of residual complexity},
  author={Myronenko, Andriy and Song, Xubo},
  booktitle={Computer Vision and Pattern Recognition, 2009. CVPR 2009. IEEE Conference on},
  pages={49--56},
  year={2009},
  organization={IEEE}
}

@incollection{myronenko2009maximum,
  title={Maximum likelihood motion estimation in 3D echocardiography through non-rigid registration in spherical coordinates},
  author={Myronenko, Andriy and Song, Xubo and Sahn, David J},
  booktitle={Functional Imaging and Modeling of the Heart},
  pages={427--436},
  year={2009},
  publisher={Springer}
}

@article{myronenko2009adaptive,
  title={Adaptive regularization of Ill-posed problems: application to non-rigid image registration},
  author={Myronenko, Andriy and Song, Xubo},
  journal={arXiv preprint arXiv:0906.3323},
  year={2009}
}

@incollection{myronenko2007lv,
  title={LV motion tracking from 3D echocardiography using textural and structural information},
  author={Myronenko, Andriy and Song, Xubo and Sahn, David J},
  booktitle={Medical Image Computing and Computer-Assisted Intervention--MICCAI 2007},
  pages={428--435},
  year={2007},
  publisher={Springer}
}

@incollection{song2006registration,
  title={Registration of microscopic iris image sequences using probabilistic mesh},
  author={Song, Xubo B and Myronenko, Andriy and Plank, Stephen R and Rosenbaum, James T},
  booktitle={Medical Image Computing and Computer-Assisted Intervention--MICCAI 2006},
  pages={553--560},
  year={2006},
  publisher={Springer}
}
